       
@book{ leffingwell11,
       author = "Dean Leffingwell",
       title = "Agile Software Requirements: Lean Requirements Practices for Teams, Programs, and the Enterprise",
       edition = "5",
       publisher = "Addison Wesley",
       year = "2011" }

@book{boehm,
       author = "Barry Boehm AND Richard Turner",
       title = "Balancing Agility and Discipline: A Guide for the perplexed",
       edition = "7",
       publisher = "Addison Wesley",
       year = "2004" }
       
@article{beatty13,
       author = "Joy Beatty",
       title = "Winning the Hidden Battle: Requirements Tool Selection and Adoption",
       address = "Seileven, Austin/Texas",
       year = "2013" }
       
@misc{ brasil91,
       author = "BRASIL",
       title = " Lei nº 8255 de 20 de novembro de 1991",
       month = "Nov",
       note = "Dispõe sobre a organização básica do Corpo de Bombeiros Militar do Distrito Federal e dá outras providências",
       year = "1991" }
       
@misc{ brasil15,
       author = "BRASIL",
       title = "Edital de licitação para contratação de prestação de serviços de desenvolvimento e manutenção de software de sistemas de informação para o Corpo de Bombeiros do Estado de São Paulo",
       address = "Secretária de Estado dos Negócios da Segurança Pública, São Paulo",
       year = "2015" }
       